<collection xmlns="http://www.loc.gov/MARC21/slim">
<record>
  <leader>01848nam0a22003131i 450 </leader>
  <controlfield tag="001">IT\ICCU\CNCE\054031</controlfield>
  <controlfield tag="005">20060927000000.0</controlfield>
  <datafield tag="012" ind1=" " ind2=" ">
    <subfield code="a">++++ ++++ sais riOd (3) 1551 (R)</subfield>
    <subfield code="2">fei</subfield>
  </datafield>
  <datafield tag="100" ind1=" " ind2=" ">
    <subfield code="a">20030124d1551        0itac0103    ba</subfield>
  </datafield>
  <datafield tag="101" ind1=" " ind2=" ">
    <subfield code="a">LAT</subfield>
  </datafield>
  <datafield tag="102" ind1=" " ind2=" ">
    <subfield code="a">IT</subfield>
  </datafield>
  <datafield tag="200" ind1="1" ind2=" ">
    <subfield code="a">℗Quin. Horatii Flacci Venusini poetae lyrici ℗Poemata omnia. Post omnes omnium editiones summa denuo uigilantia recognita, &amp; scholijs doctissimi illustrata</subfield>
  </datafield>
  <datafield tag="210" ind1=" " ind2=" ">
    <subfield code="a">Venetijs</subfield>
    <subfield code="c">per Ioannem Andream Valuassorium</subfield>
    <subfield code="d">cognomine Guadagninum</subfield>
    <subfield code="d">1551</subfield>
    <subfield code="e">\Venezia</subfield>
    <subfield code="g">Giovanni Andrea Valvassori!</subfield>
  </datafield>
  <datafield tag="215" ind1=" " ind2=" ">
    <subfield code="a">160 c.</subfield>
    <subfield code="d">8ʻ</subfield>
  </datafield>
  <datafield tag="620" ind1=" " ind2=" ">
    <subfield code="a">IT</subfield>
    <subfield code="d">Venezia</subfield>
  </datafield>
  <datafield tag="700" ind1=" " ind2="1">
    <subfield code="a">Horatius Flaccus,</subfield>
    <subfield code="b">Quintus</subfield>
    <subfield code="3">IT\ICCU\CNCA\001212</subfield>
  </datafield>
  <datafield tag="712" ind1="0" ind2="0">
    <subfield code="a">Valvassori, Giovanni Andrea</subfield>
    <subfield code="3">IT\ICCU\CNCT\000431</subfield>
    <subfield code="4">650</subfield>
  </datafield>
  <datafield tag="790" ind1=" " ind2="1">
    <subfield code="a">Orazio Flacco,</subfield>
    <subfield code="b">Quinto</subfield>
    <subfield code="3">IT\ICCU\CNCA\014413</subfield>
    <subfield code="z">Horatius Flaccus, Quintus</subfield>
  </datafield>
  <datafield tag="791" ind1="0" ind2="0">
    <subfield code="a">Vavassor, Ioannes Andreas</subfield>
    <subfield code="3">IT\ICCU\CNCT\004148</subfield>
    <subfield code="z">Valvassori, Giovanni Andrea</subfield>
  </datafield>
  <datafield tag="791" ind1="0" ind2="0">
    <subfield code="a">Guadagninus de Vavassoribus, Ioannes Andreas</subfield>
    <subfield code="3">IT\ICCU\CNCT\005847</subfield>
    <subfield code="z">Valvassori, Giovanni Andrea</subfield>
  </datafield>
  <datafield tag="791" ind1="0" ind2="0">
    <subfield code="a">Vavassore, Guadagnino di</subfield>
    <subfield code="3">IT\ICCU\CNCT\005848</subfield>
    <subfield code="z">Valvassori, Giovanni Andrea</subfield>
  </datafield>
  <datafield tag="791" ind1="0" ind2="0">
    <subfield code="a">Vavassori, Giovan Andrea</subfield>
    <subfield code="3">IT\ICCU\CNCT\005849</subfield>
    <subfield code="z">Valvassori, Giovanni Andrea</subfield>
  </datafield>
  <datafield tag="791" ind1="0" ind2="0">
    <subfield code="a">Valvassore, Giovanni Andrea</subfield>
    <subfield code="3">IT\ICCU\CNCT\005850</subfield>
    <subfield code="z">Valvassori, Giovanni Andrea</subfield>
  </datafield>
  <datafield tag="801" ind1=" " ind2="3">
    <subfield code="a">IT</subfield>
    <subfield code="b">ICCU</subfield>
    <subfield code="c">20201115</subfield>
  </datafield>
  <datafield tag="899" ind1=" " ind2=" ">
    <subfield code="a">Biblioteca Roncioniana - Fondazione Eredit ̉Marco Roncioni (ONLUS). Prato</subfield>
    <subfield code="1">PO0005</subfield>
    <subfield code="2">RT1 EB</subfield>
  </datafield>
  <datafield tag="911" ind1=" " ind2=" ">
    <subfield code="a">Sul front.</subfield>
    <subfield code="9">IT\ICCU\CNCM\001220</subfield>
  </datafield>
  <datafield tag="911" ind1=" " ind2=" ">
    <subfield code="a">In fine</subfield>
    <subfield code="9">IT\ICCU\CNCM\001465</subfield>
  </datafield>
  <datafield tag="921" ind1=" " ind2=" ">
    <subfield code="a">IT\ICCU\CNCM\001220</subfield>
    <subfield code="b">S. Michele con lancia e bilancia, ai piedi il diavolo. In cornice figurata.</subfield>
    <subfield code="e">Tandem rependet</subfield>
    <subfield code="c">T38</subfield>
    <subfield code="d">Con o senza motto</subfield>
    <subfield code="f">MICHELE</subfield>
    <subfield code="f">BILANCIA</subfield>
    <subfield code="g">1551-1592</subfield>
  </datafield>
  <datafield tag="921" ind1=" " ind2=" ">
    <subfield code="a">IT\ICCU\CNCM\001465</subfield>
    <subfield code="b">Cuore con croce doppia ed iniziali Z.A.V.</subfield>
    <subfield code="c">Z430</subfield>
    <subfield code="d">Dimensioni: 4,4 x 4,9</subfield>
    <subfield code="f">CUORE</subfield>
    <subfield code="f">CROCE</subfield>
    <subfield code="f">Z.A.V.</subfield>
    <subfield code="g">1534-1552</subfield>
  </datafield>
</record>
</collection>
